<?xml version="1.0" encoding="UTF-8"?>
<record xmlns="http://www.loc.gov/MARC21/slim" xmlns:xsi="http://www.w3.org/2001/XMLSchema-instance" xsi:schemaLocation="http://www.loc.gov/MARC21/slim http://www.loc.gov/standards/marcxml/schema/MARC21slim.xsd">
<leader>     nam a22002651a 4500</leader>
<controlfield tag="001">001684282</controlfield>
<controlfield tag="003">NNU</controlfield>
<controlfield tag="005">20061010173227.0</controlfield>
<controlfield tag="008">930505s1904    ua            000 0 ara</controlfield>
<datafield tag="035" ind1="9" ind2=" ">
<subfield code="a">NYUb12227711</subfield>
</datafield>
<datafield tag="035" ind1=" " ind2=" ">
<subfield code="a">(NNU)NYUb12227711</subfield>
</datafield>
<datafield tag="040" ind1=" " ind2=" ">
<subfield code="c">UPvMLC</subfield>
</datafield>
<datafield tag="066" ind1=" " ind2=" ">
<subfield code="c">(3</subfield>
</datafield>
<datafield tag="090" ind1=" " ind2=" ">
<subfield code="a">BP170</subfield>
<subfield code="b">.B27</subfield>
</datafield>
<datafield tag="100" ind1="1" ind2=" ">
<subfield code="a">Bachahchi Zāhah, ʹAbd al-Rahman.</subfield>
</datafield>
<datafield tag="245" ind1="1" ind2="0">
<subfield code="6">880-01</subfield>
<subfield code="a">Kitab al-fariq bayna al-makhluq wa-al-Khaliq.</subfield>
</datafield>
<datafield tag="260" ind1=" " ind2=" ">
<subfield code="6">880-02</subfield>
<subfield code="a">Egypt :</subfield>
<subfield code="b">Mothāt al-sosoāt,</subfield>
<subfield code="c">[1904?]</subfield>
</datafield>
<datafield tag="300" ind1=" " ind2=" ">
<subfield code="a">408, 120, 23 p. ;</subfield>
<subfield code="c">cm.</subfield>
</datafield>
<datafield tag="650" ind1=" " ind2="4">
<subfield code="a">Islam</subfield>
<subfield code="v">Apologetic works</subfield>
<subfield code="x">Apologetic works.</subfield>
</datafield>
<datafield tag="650" ind1=" " ind2="4">
<subfield code="a">Islam</subfield>
<subfield code="x">Relations</subfield>
<subfield code="x">Christianity.</subfield>
</datafield>
<datafield tag="700" ind1="1" ind2=" ">
<subfield code="a">Qarāfī, Aḥmad ibn Idrīs,</subfield>
<subfield code="d">d. 1285.</subfield>
<subfield code="t">Ajwibah al-fākhirah ʻan al-asʼilah al-fājirah.</subfield>
</datafield>
<datafield tag="700" ind1="1" ind2=" ">
<subfield code="a">Ibn Qayyim al-Jawzīyah, Muḥammad ibn Abī Bakr,</subfield>
<subfield code="d">1292-1350.</subfield>
<subfield code="t">Hidāyat al-ḥayārá min al-Yahūd wa-al-Naṣārá.</subfield>
</datafield>
<datafield tag="740" ind1="3" ind2=" ">
<subfield code="a">Al-Fariq bayna al-makhluq wa-al-Khaliq.</subfield>
</datafield>
<datafield tag="880" ind1="1" ind2="0">
<subfield code="6">245-01/</subfield>
<subfield code="a">كتاب الفارق بين المخلوق وألخالق :</subfield>
<subfield code="b">تأليف عبد الرحمن باجه جى زاده. مطرز هامشه بكتابين الاول كتاب الأجوبة الفاخرة لشهاب الدين أحمد بن الدريس المالكى المعروف يالقرافى /</subfield>
<subfield code="c">والثانى كتاب هداية الحيارى من اليهود والنصارى لابن قيم الجوزية.</subfield>
</datafield>
<datafield tag="880" ind1=" " ind2=" ">
<subfield code="6">260-02/</subfield>
<subfield code="a">مصر :</subfield>
<subfield code="b">مطبعة السوسوعات,</subfield>
<subfield code="c">[١٩٠٤؟]</subfield>
</datafield>
<datafield tag="OWN" ind1=" " ind2=" ">
<subfield code="a">GENERAL</subfield>
</datafield>
<datafield tag="998" ind1=" " ind2=" ">
<subfield code="a">20010429</subfield>
<subfield code="d">20010429</subfield>
<subfield code="d">20010429</subfield>
<subfield code="n">NNU</subfield>
<subfield code="s">6</subfield>
<subfield code="t">c</subfield>
<subfield code="z">p</subfield>
</datafield>
<datafield tag="AVA" ind1=" " ind2=" ">
<subfield code="a">NYU50</subfield>
<subfield code="b">BOBST</subfield>
<subfield code="c">Main Collection</subfield>
<subfield code="d">BP170 .B27</subfield>
<subfield code="e">unavailable</subfield>
<subfield code="t">Unavailable</subfield>
<subfield code="f">1</subfield>
<subfield code="g">1</subfield>
<subfield code="h">N</subfield>
<subfield code="i">0</subfield>
<subfield code="j">MAIN</subfield>
<subfield code="k">0</subfield>
</datafield>
</record>
